<record><leader>00000cas a22000007a 4500</leader><controlfield tag="001">22237026</controlfield><controlfield tag="008">900817d19471947pauwr ne      0    0eng d</controlfield><datafield ind1=" " ind2=" " tag="010"><subfield code="a">sn 90057252 </subfield></datafield><datafield ind1=" " ind2=" " tag="040"><subfield code="a">MFN</subfield><subfield code="b">eng</subfield><subfield code="c">MFN</subfield><subfield code="d">OCLCQ</subfield></datafield><datafield ind1=" " ind2=" " tag="042"><subfield code="a">msc</subfield></datafield><datafield ind1="0" ind2=" " tag="130"><subfield code="a">Maryland news (Cecil County, Md.)</subfield></datafield><datafield ind1="1" ind2="4" tag="245"><subfield code="a">The Maryland news.</subfield></datafield><datafield ind1="1" ind2="7" tag="246"><subfield code="a">Oxford news</subfield></datafield><datafield ind1=" " ind2=" " tag="260"><subfield code="a">Oxford, Pa. :</subfield><subfield code="b">Oxford Print. Co.</subfield></datafield><datafield ind1=" " ind2=" " tag="300"><subfield code="a">v.</subfield></datafield><datafield ind1=" " ind2=" " tag="310"><subfield code="a">Weekly</subfield></datafield><datafield ind1="0" ind2=" " tag="362"><subfield code="a">Vol. 1, no. 1 (July 4, 1947)-v. 1, no. 8 (Aug. 22, 1947).</subfield></datafield><datafield ind1=" " ind2=" " tag="500"><subfield code="a">Published for Cecil County, Md.</subfield></datafield><datafield ind1=" " ind2=" " tag="752"><subfield code="a">United States</subfield><subfield code="b">Pennsylvania</subfield><subfield code="c">Chester</subfield><subfield code="d">Oxford.</subfield></datafield><datafield ind1=" " ind2=" " tag="752"><subfield code="a">United States</subfield><subfield code="b">Maryland</subfield><subfield code="c">Cecil.</subfield></datafield><datafield ind1="0" ind2="0" tag="785"><subfield code="t">Maryland news courier</subfield><subfield code="w">(DLC)sn 90057253</subfield></datafield></record>